% Encoding: UTF-8

@Manual{R,
  title        = {R: A Language and Environment for Statistical Computing},
  author       = {{R Core Team}},
  organization = {R Foundation for Statistical Computing},
  address      = {Vienna, Austria},
  year         = {2016},
  url          = {http://www.R-project.org/},
}

@Misc{ArdiaBoudt2016,
  author = {Ardia, David and Boudt, Kris},
  title  = {The Peer Performance Ratios of Hedge Funds},
  year   = {2016},
  note   = {Working paper},
  doi    = {10.2139/ssrn.2000901},
  url    = {http://dx.doi.org/10.2139/ssrn.2000901},
}

@Article{ArdiaBoudt2015,
  author  = {Ardia, David and Boudt, Kris},
  title   = {Testing equality of modified Sharpe ratios},
  journal = {Finance Research Letters},
  year    = {2015},
  volume  = {13},
  pages   = {97--104},
  doi     = {10.1016/j.frl.2015.02.008},
}

@Article{LedoitWolf2008,
  author  = {Ledoit, Olivier and Wolf, Michael},
  title   = {Robust performance hypothesis testing with the Sharpe ratio},
  journal = {Journal of Empirical Finance},
  year    = {2008},
  volume  = {15},
  number  = {5},
  pages   = {850--859},
  doi     = {10.1016/j.jempfin.2008.03.002},
}

@Comment{jabref-meta: databaseType:bibtex;}
